@inproceedings{DBLP:conf/sigmod/BlanasLP11,
  author    = {Spyros Blanas and
               Yinan Li and
               Jignesh M. Patel},
  title     = {Design and evaluation of main memory hash join algorithms for multi-core
               CPUs},
  booktitle = {{SIGMOD}},
  pages     = {37--48},
  year      = {2011},
  url       = {http://doi.acm.org/10.1145/1989323.1989328},
  doi       = {10.1145/1989323.1989328},
  timestamp = {Thu, 16 Jun 2011 17:14:38 +0200},
  biburl    = {http://dblp.uni-trier.de/rec/bib/conf/sigmod/BlanasLP11},
  bibsource = {dblp computer science bibliography, http://dblp.org}
}

@inproceedings{DBLP:conf/sigmod/SchuhCD16,
	author    = {Stefan Schuh and
	Xiao Chen and
	Jens Dittrich},
	title     = {An Experimental Comparison of Thirteen Relational Equi-Joins in Main
	Memory},
	booktitle = {{SIGMOD}},
	pages     = {1961--1976},
	year      = {2016},
	url       = {http://doi.acm.org/10.1145/2882903.2882917},
	doi       = {10.1145/2882903.2882917},
	timestamp = {Sat, 18 Jun 2016 14:32:22 +0200},
	biburl    = {http://dblp.uni-trier.de/rec/bib/conf/sigmod/SchuhCD16},
	bibsource = {dblp computer science bibliography, http://dblp.org}
}